@article{jensi2014survey,
  title={A survey on optimization approaches to text document clustering},
  author={Jensi, R and Jiji, Dr G Wiselin},
  journal={arXiv preprint arXiv:1401.2229},
  year={2014}
}
@article{kayest2022optimization,
  title={Optimization driven cluster based indexing and matching for the document retrieval},
  author={Kayest, Mamta and Jain, Sanjay Kumar},
  journal={Journal of King Saud University-Computer and Information Sciences},
  volume={34},
  number={3},
  pages={851--861},
  year={2022},
  publisher={Elsevier}
}
@article{brockmeier2018self,
  title={Self-tuned descriptive document clustering using a predictive network},
  author={Brockmeier, Austin J and Mu, Tingting and Ananiadou, Sophia and Goulermas, John Y},
  journal={IEEE Transactions on Knowledge and Data Engineering},
  volume={30},
  number={10},
  pages={1929--1942},
  year={2018},
  publisher={IEEE}
}

@INPROCEEDINGS{9668337,
  author={Tolner, Ferenc and Takács, Márta and Eigner, György and Barta, Balázs},
  booktitle={2021 IEEE 21st International Symposium on Computational Intelligence and Informatics (CINTI)}, 
  title={Clustering of Business Organisations based on Textual Data - An LDA Topic Modeling Approach}, 
  year={2021},
  volume={},
  number={},
  pages={000073-000078},
  doi={10.1109/CINTI53070.2021.9668337}}

@article{alharbi2021enhancing,
  title={Enhancing topic clustering for Arabic security news based on k-means and topic modelling},
  author={Alharbi, Adel R and Hijji, Mohammad and Aljaedi, Amer},
  journal={IET Networks},
  volume={10},
  number={6},
  pages={278--294},
  year={2021},
  publisher={Wiley Online Library}
}
@inproceedings{wahid2022literature,
  title={A Literature Review on Correlation Clustering: Cross-disciplinary Taxonomy with Bibliometric Analysis},
  author={Wahid, Dewan F and Hassini, Elkafi},
  booktitle={Operations Research Forum},
  volume={3},
  number={3},
  pages={47},
  year={2022},
  organization={Springer}
}
@Inbook{ref1,
editor="Sammut, Claude
and Webb, Geoffrey I.",
title="TF--IDF",
bookTitle="Encyclopedia of Machine Learning",
year="2010",
publisher="Springer US",
address="Boston, MA",
pages="986--987",
isbn="978-0-387-30164-8",
doi="10.1007/978-0-387-30164-8_832",
url="https://doi.org/10.1007/978-0-387-30164-8_832"
}

@article{arsov2019measure,
  title={A Measure of Similarity in Textual Data Using Spearman's Rank Correlation Coefficient},
  author={Arsov, Nino and Dukovski, Milan and Evkoski, Blagoja and Cvetkovski, Stefan},
  journal={arXiv preprint arXiv:1911.11750},
  year={2019}
}
@article{irani2016clustering,
  title={Clustering techniques and the similarity measures used in clustering: A survey},
  author={Irani, Jasmine and Pise, Nitin and Phatak, Madhura},
  journal={International journal of computer applications},
  volume={134},
  number={7},
  pages={9--14},
  year={2016},
  publisher={Foundation of Computer Science}
}